@inproceedings{wang2012linear,
title={Linear surface reconstruction from discrete fundamental forms on triangle meshes},
author={Wang, Yuanzhen and Liu, Beibei and Tong, Yiying},
booktitle={Computer Graphics Forum},
volume=31,
number=8,
pages={2277--2287},
year=2012,
organization={Wiley Online Library}
}

@article{botsch2008linear,
title={On linear variational surface deformation methods},
author={Botsch, Mario and Sorkine, Olga},
journal={IEEE transactions on visualization and computer graphics},
volume=14,
number=1,
pages={213--230},
year=2008,
publisher={IEEE}
}

